<?xml version="1.0" encoding="UTF-8"?><collection xmlns="http://www.loc.gov/MARC21/slim"><record><leader>00481nam--2200181-u-4500</leader><controlfield tag="001">000051895</controlfield><controlfield tag="002">20161230</controlfield><controlfield tag="005">20161230201049</controlfield><controlfield tag="008">090415s1000------------r-----000-0-eng-d</controlfield><datafield ind1=" " ind2=" " tag="040"><subfield code="a">iFIN-HH</subfield></datafield><datafield ind1=" " ind2=" " tag="080"><subfield code="a">517.982.22</subfield></datafield><datafield ind1="1" ind2=" " tag="100"><subfield code="a">Schwartz,Laurent</subfield></datafield><datafield ind1="1" ind2="0" tag="245"><subfield code="a">Geometrry and Probability in Banach Space</subfield></datafield><datafield ind1=" " ind2=" " tag="260"><subfield code="a">Berlin</subfield><subfield code="b">Springer-Verlag</subfield><subfield code="c">1981</subfield></datafield><datafield ind1=" " ind2=" " tag="300"><subfield code="a">101 p</subfield></datafield><datafield ind1=" " ind2=" " tag="490"><subfield code="a">Ljecture Notes in Mathematics</subfield><subfield code="v">vol.852</subfield></datafield><datafield ind1=" " ind2=" " tag="852"><subfield code="a">71665</subfield><subfield code="c">517.9</subfield></datafield><datafield ind1=" " ind2=" " tag="CAT"><subfield code="a">Sys</subfield><subfield code="c">20090415</subfield><subfield code="h">095634</subfield></datafield></record></collection>